<record><leader>00000cas a22000007a 4500</leader><controlfield tag="001">39653274</controlfield><controlfield tag="008">980807d19031970sduwr ne      0   a0eng d</controlfield><datafield ind1=" " ind2=" " tag="010"><subfield code="a">sn 98069057 </subfield></datafield><datafield ind1=" " ind2=" " tag="040"><subfield code="a">SXN</subfield><subfield code="b">eng</subfield><subfield code="c">SXN</subfield><subfield code="d">OCLCQ</subfield><subfield code="d">OCLCF</subfield><subfield code="d">OCLCO</subfield></datafield><datafield ind1="1" ind2=" " tag="029"><subfield code="a">AU@</subfield><subfield code="b">000014122533</subfield></datafield><datafield ind1=" " ind2=" " tag="042"><subfield code="a">msc</subfield></datafield><datafield ind1=" " ind2=" " tag="043"><subfield code="a">n-us-sd</subfield></datafield><datafield ind1="0" ind2=" " tag="130"><subfield code="a">Garretson news (Garretson, S.D.)</subfield></datafield><datafield ind1="1" ind2="4" tag="245"><subfield code="a">The Garretson news.</subfield></datafield><datafield ind1="1" ind2=" " tag="246"><subfield code="i">Issues for Sept. 15, 1905-&lt;June 22, 1906&gt; have title:</subfield><subfield code="a">Garretson news and weekly South Dakota vindicator-progress</subfield></datafield><datafield ind1=" " ind2=" " tag="260"><subfield code="a">Garretson, S.D. :</subfield><subfield code="b">Swift &amp; Ham,</subfield><subfield code="c">1903-1970.</subfield></datafield><datafield ind1=" " ind2=" " tag="300"><subfield code="a">v.</subfield></datafield><datafield ind1=" " ind2=" " tag="310"><subfield code="a">Weekly</subfield></datafield><datafield ind1="0" ind2=" " tag="362"><subfield code="a">Vol. 1, no. 1 (July 2, 1903)-v. 3, no. 10 (Sept. 8, 1905) ; v. 16, no. 11 (Sept. 15, 1905)-v. 31, no. 4 (July 22, 1920) ; 31st year, no. 5 (July 29, 1920)-80th year, no. 28 (Jan. 8, 1970).</subfield></datafield><datafield ind1=" " ind2=" " tag="530"><subfield code="a">Available on microfilm from: State Archives, South Dakota State Historical Society.</subfield></datafield><datafield ind1=" " ind2="0" tag="651"><subfield code="a">Garretson (S.D.)</subfield><subfield code="v">Newspapers.</subfield></datafield><datafield ind1=" " ind2="0" tag="651"><subfield code="a">Minnehaha County (S.D.)</subfield><subfield code="v">Newspapers.</subfield></datafield><datafield ind1=" " ind2="7" tag="655"><subfield code="a">Newspapers.</subfield><subfield code="2">fast</subfield><subfield code="0">(OCoLC)fst01423814</subfield></datafield><datafield ind1=" " ind2="7" tag="651"><subfield code="a">South Dakota</subfield><subfield code="z">Garretson.</subfield><subfield code="2">fast</subfield><subfield code="0">(OCoLC)fst01263493</subfield></datafield><datafield ind1=" " ind2="7" tag="651"><subfield code="a">South Dakota</subfield><subfield code="z">Minnehaha County.</subfield><subfield code="2">fast</subfield><subfield code="0">(OCoLC)fst01212332</subfield></datafield><datafield ind1=" " ind2=" " tag="752"><subfield code="a">United States</subfield><subfield code="b">South Dakota</subfield><subfield code="c">Minnehaha</subfield><subfield code="d">Garretson.</subfield></datafield><datafield ind1="0" ind2="5" tag="780"><subfield code="t">Weekly South Dakota vindicator</subfield><subfield code="w">(DLC)sn 98069062</subfield></datafield><datafield ind1="0" ind2="4" tag="785"><subfield code="t">Sioux Falls suburban news</subfield><subfield code="w">(DLC)sn 98069058</subfield></datafield></record>